%YAML 1.1
%TAG !u! tag:unity3d.com,2011:
--- !u!95 &1610201241857400240
Animator:
  serializedVersion: 3
  m_ObjectHideFlags: 0
  m_CorrespondingSourceObject: {fileID: 0}
  m_PrefabInstance: {fileID: 0}
  m_PrefabAsset: {fileID: 0}
  m_GameObject: {fileID: 1118209030289999227}
  m_Enabled: 1
  m_Avatar: {fileID: 0}
  m_Controller: {fileID: 9100000, guid: 3b3013252948e7c4e8cee0a7d4e16bae, type: 2}
  m_CullingMode: 0
  m_UpdateMode: 0
  m_ApplyRootMotion: 0
  m_LinearVelocityBlending: 0
  m_WarningMessage: 
  m_HasTransformHierarchy: 1
  m_AllowConstantClipSamplingOptimization: 1
  m_KeepAnimatorControllerStateOnDisable: 0
--- !u!95 &4698123853370034339
Animator:
  serializedVersion: 3
  m_ObjectHideFlags: 0
  m_CorrespondingSourceObject: {fileID: 0}
  m_PrefabInstance: {fileID: 0}
  m_PrefabAsset: {fileID: 0}
  m_GameObject: {fileID: 1118209030791273095}
  m_Enabled: 1
  m_Avatar: {fileID: 0}
  m_Controller: {fileID: 9100000, guid: 7ba37a6d863ef3f4b955a0205113c58d, type: 2}
  m_CullingMode: 0
  m_UpdateMode: 0
  m_ApplyRootMotion: 0
  m_LinearVelocityBlending: 0
  m_WarningMessage: 
  m_HasTransformHierarchy: 1
  m_AllowConstantClipSamplingOptimization: 1
  m_KeepAnimatorControllerStateOnDisable: 0
--- !u!1 &3345580793816251031
GameObject:
  m_ObjectHideFlags: 0
  m_CorrespondingSourceObject: {fileID: 0}
  m_PrefabInstance: {fileID: 0}
  m_PrefabAsset: {fileID: 0}
  serializedVersion: 6
  m_Component:
  - component: {fileID: 195121465744517858}
  - component: {fileID: 3804914653742832763}
  - component: {fileID: 5383119998876928720}
  - component: {fileID: 7991305012331020018}
  m_Layer: 5
  m_Name: ReadyButton
  m_TagString: Untagged
  m_Icon: {fileID: 0}
  m_NavMeshLayer: 0
  m_StaticEditorFlags: 0
  m_IsActive: 1
--- !u!224 &195121465744517858
RectTransform:
  m_ObjectHideFlags: 0
  m_CorrespondingSourceObject: {fileID: 0}
  m_PrefabInstance: {fileID: 0}
  m_PrefabAsset: {fileID: 0}
  m_GameObject: {fileID: 3345580793816251031}
  m_LocalRotation: {x: -0, y: -0, z: -0, w: 1}
  m_LocalPosition: {x: 0, y: 0, z: 0}
  m_LocalScale: {x: 1.00008, y: 1.00008, z: 1.00008}
  m_Children:
  - {fileID: 5045316100784576543}
  m_Father: {fileID: 2791364961655463879}
  m_RootOrder: 0
  m_LocalEulerAnglesHint: {x: 0, y: 0, z: 0}
  m_AnchorMin: {x: 0.3071232, y: 0.71357596}
  m_AnchorMax: {x: 0.69314593, y: 1}
  m_AnchoredPosition: {x: -0.18380737, y: 25.049988}
  m_SizeDelta: {x: 3.8000002, y: 44.1}
  m_Pivot: {x: 0.5, y: 0.5}
--- !u!222 &3804914653742832763
CanvasRenderer:
  m_ObjectHideFlags: 0
  m_CorrespondingSourceObject: {fileID: 0}
  m_PrefabInstance: {fileID: 0}
  m_PrefabAsset: {fileID: 0}
  m_GameObject: {fileID: 3345580793816251031}
  m_CullTransparentMesh: 0
--- !u!114 &5383119998876928720
MonoBehaviour:
  m_ObjectHideFlags: 0
  m_CorrespondingSourceObject: {fileID: 0}
  m_PrefabInstance: {fileID: 0}
  m_PrefabAsset: {fileID: 0}
  m_GameObject: {fileID: 3345580793816251031}
  m_Enabled: 1
  m_EditorHideFlags: 0
  m_Script: {fileID: 11500000, guid: fe87c0e1cc204ed48ad3b37840f39efc, type: 3}
  m_Name: 
  m_EditorClassIdentifier: 
  m_Material: {fileID: 0}
  m_Color: {r: 1, g: 1, b: 1, a: 1}
  m_RaycastTarget: 1
  m_OnCullStateChanged:
    m_PersistentCalls:
      m_Calls: []
  m_Sprite: {fileID: 21300000, guid: f681036579a6eea4ca813bbfcec64a1d, type: 3}
  m_Type: 0
  m_PreserveAspect: 1
  m_FillCenter: 1
  m_FillMethod: 4
  m_FillAmount: 1
  m_FillClockwise: 1
  m_FillOrigin: 0
  m_UseSpriteMesh: 0
  m_PixelsPerUnitMultiplier: 1
--- !u!114 &7991305012331020018
MonoBehaviour:
  m_ObjectHideFlags: 0
  m_CorrespondingSourceObject: {fileID: 0}
  m_PrefabInstance: {fileID: 0}
  m_PrefabAsset: {fileID: 0}
  m_GameObject: {fileID: 3345580793816251031}
  m_Enabled: 1
  m_EditorHideFlags: 0
  m_Script: {fileID: 11500000, guid: 4e29b1a8efbd4b44bb3f3716e73f07ff, type: 3}
  m_Name: 
  m_EditorClassIdentifier: 
  m_Navigation:
    m_Mode: 3
    m_SelectOnUp: {fileID: 0}
    m_SelectOnDown: {fileID: 0}
    m_SelectOnLeft: {fileID: 0}
    m_SelectOnRight: {fileID: 0}
  m_Transition: 1
  m_Colors:
    m_NormalColor: {r: 1, g: 1, b: 1, a: 1}
    m_HighlightedColor: {r: 0.9607843, g: 0.9607843, b: 0.9607843, a: 1}
    m_PressedColor: {r: 0.78431374, g: 0.78431374, b: 0.78431374, a: 1}
    m_SelectedColor: {r: 0.9607843, g: 0.9607843, b: 0.9607843, a: 1}
    m_DisabledColor: {r: 0.78431374, g: 0.78431374, b: 0.78431374, a: 0.5019608}
    m_ColorMultiplier: 1
    m_FadeDuration: 0.1
  m_SpriteState:
    m_HighlightedSprite: {fileID: 0}
    m_PressedSprite: {fileID: 0}
    m_SelectedSprite: {fileID: 0}
    m_DisabledSprite: {fileID: 0}
  m_AnimationTriggers:
    m_NormalTrigger: Normal
    m_HighlightedTrigger: Highlighted
    m_PressedTrigger: Pressed
    m_SelectedTrigger: Highlighted
    m_DisabledTrigger: Disabled
  m_Interactable: 1
  m_TargetGraphic: {fileID: 5383119998876928720}
  m_OnClick:
    m_PersistentCalls:
      m_Calls:
      - m_Target: {fileID: 1843743907122600188}
        m_MethodName: ReadyToGo
        m_Mode: 1
        m_Arguments:
          m_ObjectArgument: {fileID: 0}
          m_ObjectArgumentAssemblyTypeName: UnityEngine.Object, UnityEngine
          m_IntArgument: 0
          m_FloatArgument: 0
          m_StringArgument: 
          m_BoolArgument: 1
        m_CallState: 2
--- !u!1 &3437986926427083367
GameObject:
  m_ObjectHideFlags: 0
  m_CorrespondingSourceObject: {fileID: 0}
  m_PrefabInstance: {fileID: 0}
  m_PrefabAsset: {fileID: 0}
  serializedVersion: 6
  m_Component:
  - component: {fileID: 7265378619044771411}
  - component: {fileID: 6646875329828379823}
  - component: {fileID: 3344433220475529467}
  m_Layer: 5
  m_Name: Image
  m_TagString: Untagged
  m_Icon: {fileID: 0}
  m_NavMeshLayer: 0
  m_StaticEditorFlags: 0
  m_IsActive: 1
--- !u!224 &7265378619044771411
RectTransform:
  m_ObjectHideFlags: 0
  m_CorrespondingSourceObject: {fileID: 0}
  m_PrefabInstance: {fileID: 0}
  m_PrefabAsset: {fileID: 0}
  m_GameObject: {fileID: 3437986926427083367}
  m_LocalRotation: {x: -0, y: -0, z: -0, w: 1}
  m_LocalPosition: {x: 0, y: 0, z: 0}
  m_LocalScale: {x: 1.00008, y: 1.00008, z: 1.00008}
  m_Children: []
  m_Father: {fileID: 1843743908006408704}
  m_RootOrder: 2
  m_LocalEulerAnglesHint: {x: 0, y: 0, z: 0}
  m_AnchorMin: {x: 0.27940297, y: 0.31823492}
  m_AnchorMax: {x: 0.39929846, y: 0.59221697}
  m_AnchoredPosition: {x: 4.299988, y: 3.67099}
  m_SizeDelta: {x: 7.3549995, y: 3.6000004}
  m_Pivot: {x: 0.5, y: 0.5}
--- !u!222 &6646875329828379823
CanvasRenderer:
  m_ObjectHideFlags: 0
  m_CorrespondingSourceObject: {fileID: 0}
  m_PrefabInstance: {fileID: 0}
  m_PrefabAsset: {fileID: 0}
  m_GameObject: {fileID: 3437986926427083367}
  m_CullTransparentMesh: 0
--- !u!114 &3344433220475529467
MonoBehaviour:
  m_ObjectHideFlags: 0
  m_CorrespondingSourceObject: {fileID: 0}
  m_PrefabInstance: {fileID: 0}
  m_PrefabAsset: {fileID: 0}
  m_GameObject: {fileID: 3437986926427083367}
  m_Enabled: 1
  m_EditorHideFlags: 0
  m_Script: {fileID: 11500000, guid: fe87c0e1cc204ed48ad3b37840f39efc, type: 3}
  m_Name: 
  m_EditorClassIdentifier: 
  m_Material: {fileID: 0}
  m_Color: {r: 1, g: 1, b: 1, a: 1}
  m_RaycastTarget: 1
  m_OnCullStateChanged:
    m_PersistentCalls:
      m_Calls: []
  m_Sprite: {fileID: 21300004, guid: 28ae1969d364a5a49ad978dfeca3a03f, type: 3}
  m_Type: 0
  m_PreserveAspect: 1
  m_FillCenter: 1
  m_FillMethod: 4
  m_FillAmount: 1
  m_FillClockwise: 1
  m_FillOrigin: 0
  m_UseSpriteMesh: 0
  m_PixelsPerUnitMultiplier: 1
--- !u!1 &3550195964232152315
GameObject:
  m_ObjectHideFlags: 0
  m_CorrespondingSourceObject: {fileID: 0}
  m_PrefabInstance: {fileID: 0}
  m_PrefabAsset: {fileID: 0}
  serializedVersion: 6
  m_Component:
  - component: {fileID: 6750193280507199798}
  - component: {fileID: 6821867023568758312}
  - component: {fileID: 3877724654071070842}
  m_Layer: 5
  m_Name: Image
  m_TagString: Untagged
  m_Icon: {fileID: 0}
  m_NavMeshLayer: 0
  m_StaticEditorFlags: 0
  m_IsActive: 1
--- !u!224 &6750193280507199798
RectTransform:
  m_ObjectHideFlags: 0
  m_CorrespondingSourceObject: {fileID: 0}
  m_PrefabInstance: {fileID: 0}
  m_PrefabAsset: {fileID: 0}
  m_GameObject: {fileID: 3550195964232152315}
  m_LocalRotation: {x: 0, y: 0, z: 0, w: 1}
  m_LocalPosition: {x: 0, y: 0, z: 0}
  m_LocalScale: {x: 1, y: 1, z: 1}
  m_Children: []
  m_Father: {fileID: 1843743908174263143}
  m_RootOrder: 1
  m_LocalEulerAnglesHint: {x: 0, y: 0, z: 0}
  m_AnchorMin: {x: 0.23300001, y: 0.31415662}
  m_AnchorMax: {x: 0.42546272, y: 0.7023133}
  m_AnchoredPosition: {x: 0.5, y: -2}
  m_SizeDelta: {x: -3, y: 4}
  m_Pivot: {x: 0.5, y: 0.5}
--- !u!222 &6821867023568758312
CanvasRenderer:
  m_ObjectHideFlags: 0
  m_CorrespondingSourceObject: {fileID: 0}
  m_PrefabInstance: {fileID: 0}
  m_PrefabAsset: {fileID: 0}
  m_GameObject: {fileID: 3550195964232152315}
  m_CullTransparentMesh: 0
--- !u!114 &3877724654071070842
MonoBehaviour:
  m_ObjectHideFlags: 0
  m_CorrespondingSourceObject: {fileID: 0}
  m_PrefabInstance: {fileID: 0}
  m_PrefabAsset: {fileID: 0}
  m_GameObject: {fileID: 3550195964232152315}
  m_Enabled: 1
  m_EditorHideFlags: 0
  m_Script: {fileID: 11500000, guid: fe87c0e1cc204ed48ad3b37840f39efc, type: 3}
  m_Name: 
  m_EditorClassIdentifier: 
  m_Material: {fileID: 0}
  m_Color: {r: 1, g: 1, b: 1, a: 1}
  m_RaycastTarget: 1
  m_OnCullStateChanged:
    m_PersistentCalls:
      m_Calls: []
  m_Sprite: {fileID: 21300002, guid: 28ae1969d364a5a49ad978dfeca3a03f, type: 3}
  m_Type: 0
  m_PreserveAspect: 1
  m_FillCenter: 1
  m_FillMethod: 4
  m_FillAmount: 1
  m_FillClockwise: 1
  m_FillOrigin: 0
  m_UseSpriteMesh: 0
  m_PixelsPerUnitMultiplier: 1
--- !u!1 &4873410878271032785
GameObject:
  m_ObjectHideFlags: 0
  m_CorrespondingSourceObject: {fileID: 0}
  m_PrefabInstance: {fileID: 0}
  m_PrefabAsset: {fileID: 0}
  serializedVersion: 6
  m_Component:
  - component: {fileID: 6451227251486095003}
  - component: {fileID: 2261891876459408533}
  - component: {fileID: 1997445216408495381}
  m_Layer: 5
  m_Name: Face2
  m_TagString: Untagged
  m_Icon: {fileID: 0}
  m_NavMeshLayer: 0
  m_StaticEditorFlags: 0
  m_IsActive: 1
--- !u!224 &6451227251486095003
RectTransform:
  m_ObjectHideFlags: 0
  m_CorrespondingSourceObject: {fileID: 0}
  m_PrefabInstance: {fileID: 0}
  m_PrefabAsset: {fileID: 0}
  m_GameObject: {fileID: 4873410878271032785}
  m_LocalRotation: {x: 0, y: 0, z: 0, w: 1}
  m_LocalPosition: {x: 0, y: 0, z: 0}
  m_LocalScale: {x: 1, y: 1, z: 1}
  m_Children: []
  m_Father: {fileID: 1843743907963973127}
  m_RootOrder: 5
  m_LocalEulerAnglesHint: {x: 0, y: 0, z: 0}
  m_AnchorMin: {x: 0.28544444, y: 0.582}
  m_AnchorMax: {x: 0.40055558, y: 0.8126667}
  m_AnchoredPosition: {x: 3, y: -14.470001}
  m_SizeDelta: {x: 14, y: 41.6}
  m_Pivot: {x: 0.5, y: 0.5}
--- !u!222 &2261891876459408533
CanvasRenderer:
  m_ObjectHideFlags: 0
  m_CorrespondingSourceObject: {fileID: 0}
  m_PrefabInstance: {fileID: 0}
  m_PrefabAsset: {fileID: 0}
  m_GameObject: {fileID: 4873410878271032785}
  m_CullTransparentMesh: 0
--- !u!114 &1997445216408495381
MonoBehaviour:
  m_ObjectHideFlags: 0
  m_CorrespondingSourceObject: {fileID: 0}
  m_PrefabInstance: {fileID: 0}
  m_PrefabAsset: {fileID: 0}
  m_GameObject: {fileID: 4873410878271032785}
  m_Enabled: 1
  m_EditorHideFlags: 0
  m_Script: {fileID: 11500000, guid: fe87c0e1cc204ed48ad3b37840f39efc, type: 3}
  m_Name: 
  m_EditorClassIdentifier: 
  m_Material: {fileID: 0}
  m_Color: {r: 1, g: 1, b: 1, a: 0}
  m_RaycastTarget: 1
  m_OnCullStateChanged:
    m_PersistentCalls:
      m_Calls: []
  m_Sprite: {fileID: 0}
  m_Type: 0
  m_PreserveAspect: 1
  m_FillCenter: 1
  m_FillMethod: 4
  m_FillAmount: 1
  m_FillClockwise: 1
  m_FillOrigin: 0
  m_UseSpriteMesh: 0
  m_PixelsPerUnitMultiplier: 1
--- !u!1 &5254145276670029901
GameObject:
  m_ObjectHideFlags: 0
  m_CorrespondingSourceObject: {fileID: 0}
  m_PrefabInstance: {fileID: 0}
  m_PrefabAsset: {fileID: 0}
  serializedVersion: 6
  m_Component:
  - component: {fileID: 5045316100784576543}
  - component: {fileID: 3884869963524521614}
  - component: {fileID: 8940405621018631734}
  m_Layer: 5
  m_Name: Text
  m_TagString: Untagged
  m_Icon: {fileID: 0}
  m_NavMeshLayer: 0
  m_StaticEditorFlags: 0
  m_IsActive: 1
--- !u!224 &5045316100784576543
RectTransform:
  m_ObjectHideFlags: 0
  m_CorrespondingSourceObject: {fileID: 0}
  m_PrefabInstance: {fileID: 0}
  m_PrefabAsset: {fileID: 0}
  m_GameObject: {fileID: 5254145276670029901}
  m_LocalRotation: {x: 0, y: 0, z: 0, w: 1}
  m_LocalPosition: {x: 0, y: 0, z: 0}
  m_LocalScale: {x: 1, y: 1, z: 1}
  m_Children: []
  m_Father: {fileID: 195121465744517858}
  m_RootOrder: 0
  m_LocalEulerAnglesHint: {x: 0, y: 0, z: 0}
  m_AnchorMin: {x: 0.079, y: 0.21572094}
  m_AnchorMax: {x: 0.9605297, y: 0.8068527}
  m_AnchoredPosition: {x: -6, y: -1.1000061}
  m_SizeDelta: {x: 8, y: -6}
  m_Pivot: {x: 0.5, y: 0.5}
--- !u!222 &3884869963524521614
CanvasRenderer:
  m_ObjectHideFlags: 0
  m_CorrespondingSourceObject: {fileID: 0}
  m_PrefabInstance: {fileID: 0}
  m_PrefabAsset: {fileID: 0}
  m_GameObject: {fileID: 5254145276670029901}
  m_CullTransparentMesh: 0
--- !u!114 &8940405621018631734
MonoBehaviour:
  m_ObjectHideFlags: 0
  m_CorrespondingSourceObject: {fileID: 0}
  m_PrefabInstance: {fileID: 0}
  m_PrefabAsset: {fileID: 0}
  m_GameObject: {fileID: 5254145276670029901}
  m_Enabled: 1
  m_EditorHideFlags: 0
  m_Script: {fileID: 11500000, guid: 5f7201a12d95ffc409449d95f23cf332, type: 3}
  m_Name: 
  m_EditorClassIdentifier: 
  m_Material: {fileID: 0}
  m_Color: {r: 1, g: 1, b: 1, a: 1}
  m_RaycastTarget: 1
  m_OnCullStateChanged:
    m_PersistentCalls:
      m_Calls: []
  m_FontData:
    m_Font: {fileID: 12800000, guid: 779d9a60870680a428ba3f8c64c23d02, type: 3}
    m_FontSize: 14
    m_FontStyle: 0
    m_BestFit: 1
    m_MinSize: 10
    m_MaxSize: 113
    m_Alignment: 4
    m_AlignByGeometry: 0
    m_RichText: 1
    m_HorizontalOverflow: 0
    m_VerticalOverflow: 0
    m_LineSpacing: 1
  m_Text: Ready?
--- !u!1 &6580024138127281428
GameObject:
  m_ObjectHideFlags: 0
  m_CorrespondingSourceObject: {fileID: 0}
  m_PrefabInstance: {fileID: 0}
  m_PrefabAsset: {fileID: 0}
  serializedVersion: 6
  m_Component:
  - component: {fileID: 5542338853766780841}
  - component: {fileID: 8582123129711696478}
  - component: {fileID: 3128752624577983796}
  m_Layer: 5
  m_Name: Face1
  m_TagString: Untagged
  m_Icon: {fileID: 0}
  m_NavMeshLayer: 0
  m_StaticEditorFlags: 0
  m_IsActive: 1
--- !u!224 &5542338853766780841
RectTransform:
  m_ObjectHideFlags: 0
  m_CorrespondingSourceObject: {fileID: 0}
  m_PrefabInstance: {fileID: 0}
  m_PrefabAsset: {fileID: 0}
  m_GameObject: {fileID: 6580024138127281428}
  m_LocalRotation: {x: 0, y: 0, z: 0, w: 1}
  m_LocalPosition: {x: 0, y: 0, z: 0}
  m_LocalScale: {x: 1, y: 1, z: 1}
  m_Children: []
  m_Father: {fileID: 1843743907963973127}
  m_RootOrder: 4
  m_LocalEulerAnglesHint: {x: 0, y: 0, z: 0}
  m_AnchorMin: {x: 0.17785418, y: 0.582}
  m_AnchorMax: {x: 0.3167084, y: 0.8732963}
  m_AnchoredPosition: {x: -0.9000244, y: -9.600006}
  m_SizeDelta: {x: -20, y: -23.4}
  m_Pivot: {x: 0.5, y: 0.5}
--- !u!222 &8582123129711696478
CanvasRenderer:
  m_ObjectHideFlags: 0
  m_CorrespondingSourceObject: {fileID: 0}
  m_PrefabInstance: {fileID: 0}
  m_PrefabAsset: {fileID: 0}
  m_GameObject: {fileID: 6580024138127281428}
  m_CullTransparentMesh: 0
--- !u!114 &3128752624577983796
MonoBehaviour:
  m_ObjectHideFlags: 0
  m_CorrespondingSourceObject: {fileID: 0}
  m_PrefabInstance: {fileID: 0}
  m_PrefabAsset: {fileID: 0}
  m_GameObject: {fileID: 6580024138127281428}
  m_Enabled: 1
  m_EditorHideFlags: 0
  m_Script: {fileID: 11500000, guid: fe87c0e1cc204ed48ad3b37840f39efc, type: 3}
  m_Name: 
  m_EditorClassIdentifier: 
  m_Material: {fileID: 0}
  m_Color: {r: 1, g: 1, b: 1, a: 1}
  m_RaycastTarget: 1
  m_OnCullStateChanged:
    m_PersistentCalls:
      m_Calls: []
  m_Sprite: {fileID: 21300000, guid: 8c0bbe278d721324c8e6d5263704a895, type: 3}
  m_Type: 0
  m_PreserveAspect: 1
  m_FillCenter: 1
  m_FillMethod: 4
  m_FillAmount: 1
  m_FillClockwise: 1
  m_FillOrigin: 0
  m_UseSpriteMesh: 0
  m_PixelsPerUnitMultiplier: 1
--- !u!1 &7452994056777879050
GameObject:
  m_ObjectHideFlags: 0
  m_CorrespondingSourceObject: {fileID: 0}
  m_PrefabInstance: {fileID: 0}
  m_PrefabAsset: {fileID: 0}
  serializedVersion: 6
  m_Component:
  - component: {fileID: 1179298377334913937}
  m_Layer: 0
  m_Name: BasicLevelStuff
  m_TagString: Untagged
  m_Icon: {fileID: 0}
  m_NavMeshLayer: 0
  m_StaticEditorFlags: 0
  m_IsActive: 1
--- !u!4 &1179298377334913937
Transform:
  m_ObjectHideFlags: 0
  m_CorrespondingSourceObject: {fileID: 0}
  m_PrefabInstance: {fileID: 0}
  m_PrefabAsset: {fileID: 0}
  m_GameObject: {fileID: 7452994056777879050}
  m_LocalRotation: {x: 0, y: 0, z: 0, w: 1}
  m_LocalPosition: {x: -0.7450492, y: -0.11870545, z: -0.01217443}
  m_LocalScale: {x: 1, y: 1, z: 1}
  m_Children:
  - {fileID: 1843743907122600191}
  - {fileID: 1843743908237123561}
  - {fileID: 5888099917478562749}
  - {fileID: 5888099916897735745}
  - {fileID: 743954619300824589}
  - {fileID: 1843743907584805327}
  - {fileID: 8473818288153406542}
  m_Father: {fileID: 0}
  m_RootOrder: 0
  m_LocalEulerAnglesHint: {x: 0, y: 0, z: 0}
--- !u!1 &7607858562512941880
GameObject:
  m_ObjectHideFlags: 0
  m_CorrespondingSourceObject: {fileID: 0}
  m_PrefabInstance: {fileID: 0}
  m_PrefabAsset: {fileID: 0}
  serializedVersion: 6
  m_Component:
  - component: {fileID: 2791364961655463879}
  - component: {fileID: 8967553167143332882}
  - component: {fileID: 2963891359838959033}
  m_Layer: 5
  m_Name: Ready
  m_TagString: Untagged
  m_Icon: {fileID: 0}
  m_NavMeshLayer: 0
  m_StaticEditorFlags: 0
  m_IsActive: 1
--- !u!224 &2791364961655463879
RectTransform:
  m_ObjectHideFlags: 0
  m_CorrespondingSourceObject: {fileID: 0}
  m_PrefabInstance: {fileID: 0}
  m_PrefabAsset: {fileID: 0}
  m_GameObject: {fileID: 7607858562512941880}
  m_LocalRotation: {x: -0, y: -0, z: -0, w: 1}
  m_LocalPosition: {x: 0, y: 0, z: 0}
  m_LocalScale: {x: 1.00008, y: 1.00008, z: 1.00008}
  m_Children:
  - {fileID: 195121465744517858}
  m_Father: {fileID: 1843743907584805327}
  m_RootOrder: 5
  m_LocalEulerAnglesHint: {x: 0, y: 0, z: 0}
  m_AnchorMin: {x: 0, y: 0}
  m_AnchorMax: {x: 1, y: 1}
  m_AnchoredPosition: {x: 0.5, y: 0}
  m_SizeDelta: {x: 1, y: 0}
  m_Pivot: {x: 0.5, y: 0.5}
--- !u!222 &8967553167143332882
CanvasRenderer:
  m_ObjectHideFlags: 0
  m_CorrespondingSourceObject: {fileID: 0}
  m_PrefabInstance: {fileID: 0}
  m_PrefabAsset: {fileID: 0}
  m_GameObject: {fileID: 7607858562512941880}
  m_CullTransparentMesh: 0
--- !u!114 &2963891359838959033
MonoBehaviour:
  m_ObjectHideFlags: 0
  m_CorrespondingSourceObject: {fileID: 0}
  m_PrefabInstance: {fileID: 0}
  m_PrefabAsset: {fileID: 0}
  m_GameObject: {fileID: 7607858562512941880}
  m_Enabled: 1
  m_EditorHideFlags: 0
  m_Script: {fileID: 11500000, guid: fe87c0e1cc204ed48ad3b37840f39efc, type: 3}
  m_Name: 
  m_EditorClassIdentifier: 
  m_Material: {fileID: 0}
  m_Color: {r: 0, g: 0, b: 0, a: 0.30980393}
  m_RaycastTarget: 1
  m_OnCullStateChanged:
    m_PersistentCalls:
      m_Calls: []
  m_Sprite: {fileID: 0}
  m_Type: 0
  m_PreserveAspect: 0
  m_FillCenter: 1
  m_FillMethod: 4
  m_FillAmount: 1
  m_FillClockwise: 1
  m_FillOrigin: 0
  m_UseSpriteMesh: 0
  m_PixelsPerUnitMultiplier: 1
--- !u!1 &8201815248927452145
GameObject:
  m_ObjectHideFlags: 0
  m_CorrespondingSourceObject: {fileID: 0}
  m_PrefabInstance: {fileID: 0}
  m_PrefabAsset: {fileID: 0}
  serializedVersion: 6
  m_Component:
  - component: {fileID: 8237124694827157714}
  - component: {fileID: 7597498090191666941}
  - component: {fileID: 872658525442540743}
  m_Layer: 5
  m_Name: Image (1)
  m_TagString: Untagged
  m_Icon: {fileID: 0}
  m_NavMeshLayer: 0
  m_StaticEditorFlags: 0
  m_IsActive: 1
--- !u!224 &8237124694827157714
RectTransform:
  m_ObjectHideFlags: 0
  m_CorrespondingSourceObject: {fileID: 0}
  m_PrefabInstance: {fileID: 0}
  m_PrefabAsset: {fileID: 0}
  m_GameObject: {fileID: 8201815248927452145}
  m_LocalRotation: {x: -0, y: -0, z: -0, w: 1}
  m_LocalPosition: {x: 0, y: 0, z: 0}
  m_LocalScale: {x: 1.00008, y: 1.00008, z: 1.00008}
  m_Children: []
  m_Father: {fileID: 1843743908006408704}
  m_RootOrder: 1
  m_LocalEulerAnglesHint: {x: 0, y: 0, z: 0}
  m_AnchorMin: {x: 0.171, y: 0.41611418}
  m_AnchorMax: {x: 0.29626864, y: 0.69023496}
  m_AnchoredPosition: {x: 0.8225403, y: 1.300003}
  m_SizeDelta: {x: 4.3549957, y: 3.6000004}
  m_Pivot: {x: 0.5, y: 0.5}
--- !u!222 &7597498090191666941
CanvasRenderer:
  m_ObjectHideFlags: 0
  m_CorrespondingSourceObject: {fileID: 0}
  m_PrefabInstance: {fileID: 0}
  m_PrefabAsset: {fileID: 0}
  m_GameObject: {fileID: 8201815248927452145}
  m_CullTransparentMesh: 0
--- !u!114 &872658525442540743
MonoBehaviour:
  m_ObjectHideFlags: 0
  m_CorrespondingSourceObject: {fileID: 0}
  m_PrefabInstance: {fileID: 0}
  m_PrefabAsset: {fileID: 0}
  m_GameObject: {fileID: 8201815248927452145}
  m_Enabled: 1
  m_EditorHideFlags: 0
  m_Script: {fileID: 11500000, guid: fe87c0e1cc204ed48ad3b37840f39efc, type: 3}
  m_Name: 
  m_EditorClassIdentifier: 
  m_Material: {fileID: 0}
  m_Color: {r: 1, g: 1, b: 1, a: 1}
  m_RaycastTarget: 1
  m_OnCullStateChanged:
    m_PersistentCalls:
      m_Calls: []
  m_Sprite: {fileID: 21300006, guid: 28ae1969d364a5a49ad978dfeca3a03f, type: 3}
  m_Type: 0
  m_PreserveAspect: 1
  m_FillCenter: 1
  m_FillMethod: 4
  m_FillAmount: 1
  m_FillClockwise: 1
  m_FillOrigin: 0
  m_UseSpriteMesh: 0
  m_PixelsPerUnitMultiplier: 1
--- !u!1 &8359938465392385326
GameObject:
  m_ObjectHideFlags: 0
  m_CorrespondingSourceObject: {fileID: 0}
  m_PrefabInstance: {fileID: 0}
  m_PrefabAsset: {fileID: 0}
  serializedVersion: 6
  m_Component:
  - component: {fileID: 8473818288153406542}
  - component: {fileID: 7780405955815637634}
  m_Layer: 0
  m_Name: Jukebox
  m_TagString: Untagged
  m_Icon: {fileID: 0}
  m_NavMeshLayer: 0
  m_StaticEditorFlags: 0
  m_IsActive: 1
--- !u!4 &8473818288153406542
Transform:
  m_ObjectHideFlags: 0
  m_CorrespondingSourceObject: {fileID: 0}
  m_PrefabInstance: {fileID: 0}
  m_PrefabAsset: {fileID: 0}
  m_GameObject: {fileID: 8359938465392385326}
  m_LocalRotation: {x: -0, y: -0, z: -0, w: 1}
  m_LocalPosition: {x: 0.98792565, y: 0.7828215, z: -0.1009046}
  m_LocalScale: {x: 1, y: 1, z: 1}
  m_Children: []
  m_Father: {fileID: 1179298377334913937}
  m_RootOrder: 6
  m_LocalEulerAnglesHint: {x: 0, y: 0, z: 0}
--- !u!82 &7780405955815637634
AudioSource:
  m_ObjectHideFlags: 0
  m_CorrespondingSourceObject: {fileID: 0}
  m_PrefabInstance: {fileID: 0}
  m_PrefabAsset: {fileID: 0}
  m_GameObject: {fileID: 8359938465392385326}
  m_Enabled: 1
  serializedVersion: 4
  OutputAudioMixerGroup: {fileID: 0}
  m_audioClip: {fileID: 8300000, guid: 372eaf8799259f143a55efa7a7aab45c, type: 3}
  m_PlayOnAwake: 1
  m_Volume: 0.7
  m_Pitch: 1
  Loop: 1
  Mute: 0
  Spatialize: 0
  SpatializePostEffects: 0
  Priority: 128
  DopplerLevel: 1
  MinDistance: 1
  MaxDistance: 500
  Pan2D: 0
  rolloffMode: 0
  BypassEffects: 0
  BypassListenerEffects: 0
  BypassReverbZones: 0
  rolloffCustomCurve:
    serializedVersion: 2
    m_Curve:
    - serializedVersion: 3
      time: 0
      value: 1
      inSlope: 0
      outSlope: 0
      tangentMode: 0
      weightedMode: 0
      inWeight: 0.33333334
      outWeight: 0.33333334
    - serializedVersion: 3
      time: 1
      value: 0
      inSlope: 0
      outSlope: 0
      tangentMode: 0
      weightedMode: 0
      inWeight: 0.33333334
      outWeight: 0.33333334
    m_PreInfinity: 2
    m_PostInfinity: 2
    m_RotationOrder: 4
  panLevelCustomCurve:
    serializedVersion: 2
    m_Curve:
    - serializedVersion: 3
      time: 0
      value: 0
      inSlope: 0
      outSlope: 0
      tangentMode: 0
      weightedMode: 0
      inWeight: 0.33333334
      outWeight: 0.33333334
    m_PreInfinity: 2
    m_PostInfinity: 2
    m_RotationOrder: 4
  spreadCustomCurve:
    serializedVersion: 2
    m_Curve:
    - serializedVersion: 3
      time: 0
      value: 0
      inSlope: 0
      outSlope: 0
      tangentMode: 0
      weightedMode: 0
      inWeight: 0.33333334
      outWeight: 0.33333334
    m_PreInfinity: 2
    m_PostInfinity: 2
    m_RotationOrder: 4
  reverbZoneMixCustomCurve:
    serializedVersion: 2
    m_Curve:
    - serializedVersion: 3
      time: 0
      value: 1
      inSlope: 0
      outSlope: 0
      tangentMode: 0
      weightedMode: 0
      inWeight: 0.33333334
      outWeight: 0.33333334
    m_PreInfinity: 2
    m_PostInfinity: 2
    m_RotationOrder: 4
--- !u!1001 &1021522983384773848
PrefabInstance:
  m_ObjectHideFlags: 0
  serializedVersion: 2
  m_Modification:
    m_TransformParent: {fileID: 1179298377334913937}
    m_Modifications:
    - target: {fileID: 1710073651726515475, guid: bb7e5ffd8deab994cbd8766cf8b0e1f7,
        type: 3}
      propertyPath: m_Name
      value: Canvas
      objectReference: {fileID: 0}
    - target: {fileID: 1710073651726515476, guid: bb7e5ffd8deab994cbd8766cf8b0e1f7,
        type: 3}
      propertyPath: m_Camera
      value: 
      objectReference: {fileID: 1843743908237123558}
    - target: {fileID: 1710073651726515476, guid: bb7e5ffd8deab994cbd8766cf8b0e1f7,
        type: 3}
      propertyPath: m_SortingOrder
      value: 10
      objectReference: {fileID: 0}
    - target: {fileID: 1710073651726515479, guid: bb7e5ffd8deab994cbd8766cf8b0e1f7,
        type: 3}
      propertyPath: m_LocalPosition.x
      value: 0
      objectReference: {fileID: 0}
    - target: {fileID: 1710073651726515479, guid: bb7e5ffd8deab994cbd8766cf8b0e1f7,
        type: 3}
      propertyPath: m_LocalPosition.y
      value: 0
      objectReference: {fileID: 0}
    - target: {fileID: 1710073651726515479, guid: bb7e5ffd8deab994cbd8766cf8b0e1f7,
        type: 3}
      propertyPath: m_LocalPosition.z
      value: 0
      objectReference: {fileID: 0}
    - target: {fileID: 1710073651726515479, guid: bb7e5ffd8deab994cbd8766cf8b0e1f7,
        type: 3}
      propertyPath: m_LocalRotation.x
      value: 0
      objectReference: {fileID: 0}
    - target: {fileID: 1710073651726515479, guid: bb7e5ffd8deab994cbd8766cf8b0e1f7,
        type: 3}
      propertyPath: m_LocalRotation.y
      value: 0
      objectReference: {fileID: 0}
    - target: {fileID: 1710073651726515479, guid: bb7e5ffd8deab994cbd8766cf8b0e1f7,
        type: 3}
      propertyPath: m_LocalRotation.z
      value: 0
      objectReference: {fileID: 0}
    - target: {fileID: 1710073651726515479, guid: bb7e5ffd8deab994cbd8766cf8b0e1f7,
        type: 3}
      propertyPath: m_LocalRotation.w
      value: 1
      objectReference: {fileID: 0}
    - target: {fileID: 1710073651726515479, guid: bb7e5ffd8deab994cbd8766cf8b0e1f7,
        type: 3}
      propertyPath: m_RootOrder
      value: 5
      objectReference: {fileID: 0}
    - target: {fileID: 1710073651726515479, guid: bb7e5ffd8deab994cbd8766cf8b0e1f7,
        type: 3}
      propertyPath: m_LocalEulerAnglesHint.x
      value: 0
      objectReference: {fileID: 0}
    - target: {fileID: 1710073651726515479, guid: bb7e5ffd8deab994cbd8766cf8b0e1f7,
        type: 3}
      propertyPath: m_LocalEulerAnglesHint.y
      value: 0
      objectReference: {fileID: 0}
    - target: {fileID: 1710073651726515479, guid: bb7e5ffd8deab994cbd8766cf8b0e1f7,
        type: 3}
      propertyPath: m_LocalEulerAnglesHint.z
      value: 0
      objectReference: {fileID: 0}
    - target: {fileID: 1710073651726515479, guid: bb7e5ffd8deab994cbd8766cf8b0e1f7,
        type: 3}
      propertyPath: m_AnchoredPosition.x
      value: 0
      objectReference: {fileID: 0}
    - target: {fileID: 1710073651726515479, guid: bb7e5ffd8deab994cbd8766cf8b0e1f7,
        type: 3}
      propertyPath: m_AnchoredPosition.y
      value: 0
      objectReference: {fileID: 0}
    - target: {fileID: 1710073651726515479, guid: bb7e5ffd8deab994cbd8766cf8b0e1f7,
        type: 3}
      propertyPath: m_SizeDelta.x
      value: 0
      objectReference: {fileID: 0}
    - target: {fileID: 1710073651726515479, guid: bb7e5ffd8deab994cbd8766cf8b0e1f7,
        type: 3}
      propertyPath: m_SizeDelta.y
      value: 0
      objectReference: {fileID: 0}
    - target: {fileID: 1710073651726515479, guid: bb7e5ffd8deab994cbd8766cf8b0e1f7,
        type: 3}
      propertyPath: m_AnchorMin.x
      value: 0
      objectReference: {fileID: 0}
    - target: {fileID: 1710073651726515479, guid: bb7e5ffd8deab994cbd8766cf8b0e1f7,
        type: 3}
      propertyPath: m_AnchorMin.y
      value: 0
      objectReference: {fileID: 0}
    - target: {fileID: 1710073651726515479, guid: bb7e5ffd8deab994cbd8766cf8b0e1f7,
        type: 3}
      propertyPath: m_AnchorMax.x
      value: 0
      objectReference: {fileID: 0}
    - target: {fileID: 1710073651726515479, guid: bb7e5ffd8deab994cbd8766cf8b0e1f7,
        type: 3}
      propertyPath: m_AnchorMax.y
      value: 0
      objectReference: {fileID: 0}
    - target: {fileID: 1710073651726515479, guid: bb7e5ffd8deab994cbd8766cf8b0e1f7,
        type: 3}
      propertyPath: m_Pivot.x
      value: 0
      objectReference: {fileID: 0}
    - target: {fileID: 1710073651726515479, guid: bb7e5ffd8deab994cbd8766cf8b0e1f7,
        type: 3}
      propertyPath: m_Pivot.y
      value: 0
      objectReference: {fileID: 0}
    - target: {fileID: 1710073651988275315, guid: bb7e5ffd8deab994cbd8766cf8b0e1f7,
        type: 3}
      propertyPath: m_AnchoredPosition.y
      value: -1.436554
      objectReference: {fileID: 0}
    - target: {fileID: 1710073651988275315, guid: bb7e5ffd8deab994cbd8766cf8b0e1f7,
        type: 3}
      propertyPath: m_SizeDelta.y
      value: -2.1549
      objectReference: {fileID: 0}
    - target: {fileID: 1710073651988275315, guid: bb7e5ffd8deab994cbd8766cf8b0e1f7,
        type: 3}
      propertyPath: m_AnchorMin.y
      value: 0.41611418
      objectReference: {fileID: 0}
    - target: {fileID: 1710073651988275315, guid: bb7e5ffd8deab994cbd8766cf8b0e1f7,
        type: 3}
      propertyPath: m_AnchorMax.x
      value: 0.804
      objectReference: {fileID: 0}
    - target: {fileID: 1710073651988275315, guid: bb7e5ffd8deab994cbd8766cf8b0e1f7,
        type: 3}
      propertyPath: m_AnchoredPosition.x
      value: -11.300003
      objectReference: {fileID: 0}
    - target: {fileID: 1710073651988275315, guid: bb7e5ffd8deab994cbd8766cf8b0e1f7,
        type: 3}
      propertyPath: m_SizeDelta.x
      value: 5.5
      objectReference: {fileID: 0}
    - target: {fileID: 1710073652128670620, guid: bb7e5ffd8deab994cbd8766cf8b0e1f7,
        type: 3}
      propertyPath: m_OnClick.m_PersistentCalls.m_Calls.Array.data[0].m_Target
      value: 
      objectReference: {fileID: 1843743907122600188}
    - target: {fileID: 1710073652561863876, guid: bb7e5ffd8deab994cbd8766cf8b0e1f7,
        type: 3}
      propertyPath: m_OnClick.m_PersistentCalls.m_Calls.Array.data[0].m_Target
      value: 
      objectReference: {fileID: 1843743907122600188}
    - target: {fileID: 1710073652671207072, guid: bb7e5ffd8deab994cbd8766cf8b0e1f7,
        type: 3}
      propertyPath: m_AnchoredPosition.y
      value: 6.399994
      objectReference: {fileID: 0}
    - target: {fileID: 1710073652671207072, guid: bb7e5ffd8deab994cbd8766cf8b0e1f7,
        type: 3}
      propertyPath: m_AnchorMax.y
      value: 0.52837044
      objectReference: {fileID: 0}
    - target: {fileID: 1710073652671207072, guid: bb7e5ffd8deab994cbd8766cf8b0e1f7,
        type: 3}
      propertyPath: m_SizeDelta.y
      value: 32.5
      objectReference: {fileID: 0}
    - target: {fileID: 1710073652671207072, guid: bb7e5ffd8deab994cbd8766cf8b0e1f7,
        type: 3}
      propertyPath: m_AnchorMax.x
      value: 0.42347917
      objectReference: {fileID: 0}
    - target: {fileID: 1710073652671207072, guid: bb7e5ffd8deab994cbd8766cf8b0e1f7,
        type: 3}
      propertyPath: m_AnchoredPosition.x
      value: 8.5
      objectReference: {fileID: 0}
    - target: {fileID: 1710073652671207072, guid: bb7e5ffd8deab994cbd8766cf8b0e1f7,
        type: 3}
      propertyPath: m_SizeDelta.x
      value: 30.599998
      objectReference: {fileID: 0}
    - target: {fileID: 1710073652671207072, guid: bb7e5ffd8deab994cbd8766cf8b0e1f7,
        type: 3}
      propertyPath: m_AnchorMin.y
      value: 0.3565186
      objectReference: {fileID: 0}
    - target: {fileID: 1710073652671207072, guid: bb7e5ffd8deab994cbd8766cf8b0e1f7,
        type: 3}
      propertyPath: m_AnchorMin.x
      value: 0.069000006
      objectReference: {fileID: 0}
    - target: {fileID: 1710073652718519723, guid: bb7e5ffd8deab994cbd8766cf8b0e1f7,
        type: 3}
      propertyPath: m_OnClick.m_PersistentCalls.m_Calls.Array.data[0].m_Target
      value: 
      objectReference: {fileID: 1843743907122600188}
    - target: {fileID: 1710073652864448178, guid: bb7e5ffd8deab994cbd8766cf8b0e1f7,
        type: 3}
      propertyPath: m_OnClick.m_PersistentCalls.m_Calls.Array.data[0].m_Target
      value: 
      objectReference: {fileID: 1843743907122600188}
    - target: {fileID: 1710073652998021332, guid: bb7e5ffd8deab994cbd8766cf8b0e1f7,
        type: 3}
      propertyPath: m_AnchoredPosition.x
      value: -0.7154007
      objectReference: {fileID: 0}
    - target: {fileID: 1710073652998021332, guid: bb7e5ffd8deab994cbd8766cf8b0e1f7,
        type: 3}
      propertyPath: m_SizeDelta.x
      value: 1.4307995
      objectReference: {fileID: 0}
    - target: {fileID: 1710073652998021332, guid: bb7e5ffd8deab994cbd8766cf8b0e1f7,
        type: 3}
      propertyPath: m_AnchorMin.x
      value: 0.42546272
      objectReference: {fileID: 0}
    - target: {fileID: 1710073652998021332, guid: bb7e5ffd8deab994cbd8766cf8b0e1f7,
        type: 3}
      propertyPath: m_AnchorMin.y
      value: 0.41520527
      objectReference: {fileID: 0}
    - target: {fileID: 1710073652998021332, guid: bb7e5ffd8deab994cbd8766cf8b0e1f7,
        type: 3}
      propertyPath: m_AnchoredPosition.y
      value: -5.514
      objectReference: {fileID: 0}
    - target: {fileID: 1710073652998021332, guid: bb7e5ffd8deab994cbd8766cf8b0e1f7,
        type: 3}
      propertyPath: m_SizeDelta.y
      value: -11.200001
      objectReference: {fileID: 0}
    - target: {fileID: 1710073653239803234, guid: bb7e5ffd8deab994cbd8766cf8b0e1f7,
        type: 3}
      propertyPath: m_OnClick.m_PersistentCalls.m_Calls.Array.data[0].m_Target
      value: 
      objectReference: {fileID: 1843743907122600188}
    - target: {fileID: 1710073653306034110, guid: bb7e5ffd8deab994cbd8766cf8b0e1f7,
        type: 3}
      propertyPath: m_Color.a
      value: 0.78039217
      objectReference: {fileID: 0}
    - target: {fileID: 1710073653306034111, guid: bb7e5ffd8deab994cbd8766cf8b0e1f7,
        type: 3}
      propertyPath: m_AnchorMin.y
      value: 0.8028889
      objectReference: {fileID: 0}
    - target: {fileID: 1710073653306034111, guid: bb7e5ffd8deab994cbd8766cf8b0e1f7,
        type: 3}
      propertyPath: m_AnchorMax.x
      value: 0.28300002
      objectReference: {fileID: 0}
    - target: {fileID: 1710073653306034111, guid: bb7e5ffd8deab994cbd8766cf8b0e1f7,
        type: 3}
      propertyPath: m_AnchoredPosition.x
      value: -32
      objectReference: {fileID: 0}
    - target: {fileID: 1710073653306034111, guid: bb7e5ffd8deab994cbd8766cf8b0e1f7,
        type: 3}
      propertyPath: m_AnchoredPosition.y
      value: 24.506
      objectReference: {fileID: 0}
    - target: {fileID: 1710073653306034111, guid: bb7e5ffd8deab994cbd8766cf8b0e1f7,
        type: 3}
      propertyPath: m_SizeDelta.x
      value: 65.5
      objectReference: {fileID: 0}
    - target: {fileID: 1710073653306034111, guid: bb7e5ffd8deab994cbd8766cf8b0e1f7,
        type: 3}
      propertyPath: m_SizeDelta.y
      value: 64.2
      objectReference: {fileID: 0}
    - target: {fileID: 1710073653362711260, guid: bb7e5ffd8deab994cbd8766cf8b0e1f7,
        type: 3}
      propertyPath: m_IsActive
      value: 0
      objectReference: {fileID: 0}
    - target: {fileID: 1710073653473363672, guid: bb7e5ffd8deab994cbd8766cf8b0e1f7,
        type: 3}
      propertyPath: m_AnchorMin.y
      value: 0.8315926
      objectReference: {fileID: 0}
    - target: {fileID: 1710073653473363672, guid: bb7e5ffd8deab994cbd8766cf8b0e1f7,
        type: 3}
      propertyPath: m_AnchorMax.x
      value: 1
      objectReference: {fileID: 0}
    - target: {fileID: 1710073653473363672, guid: bb7e5ffd8deab994cbd8766cf8b0e1f7,
        type: 3}
      propertyPath: m_AnchoredPosition.x
      value: 21
      objectReference: {fileID: 0}
    - target: {fileID: 1710073653473363672, guid: bb7e5ffd8deab994cbd8766cf8b0e1f7,
        type: 3}
      propertyPath: m_AnchoredPosition.y
      value: 9
      objectReference: {fileID: 0}
    - target: {fileID: 1710073653473363672, guid: bb7e5ffd8deab994cbd8766cf8b0e1f7,
        type: 3}
      propertyPath: m_SizeDelta.x
      value: 75
      objectReference: {fileID: 0}
    - target: {fileID: 1710073653473363672, guid: bb7e5ffd8deab994cbd8766cf8b0e1f7,
        type: 3}
      propertyPath: m_SizeDelta.y
      value: 63.200012
      objectReference: {fileID: 0}
    - target: {fileID: 1710073653473363672, guid: bb7e5ffd8deab994cbd8766cf8b0e1f7,
        type: 3}
      propertyPath: m_AnchorMin.x
      value: 0.75975305
      objectReference: {fileID: 0}
    - target: {fileID: 1710073653473363675, guid: bb7e5ffd8deab994cbd8766cf8b0e1f7,
        type: 3}
      propertyPath: m_Color.a
      value: 0.78039217
      objectReference: {fileID: 0}
    - target: {fileID: 1710073653499434834, guid: bb7e5ffd8deab994cbd8766cf8b0e1f7,
        type: 3}
      propertyPath: m_Color.a
      value: 0.78039217
      objectReference: {fileID: 0}
    - target: {fileID: 1710073653499434835, guid: bb7e5ffd8deab994cbd8766cf8b0e1f7,
        type: 3}
      propertyPath: m_AnchorMin.x
      value: 0.34984982
      objectReference: {fileID: 0}
    - target: {fileID: 1710073653499434835, guid: bb7e5ffd8deab994cbd8766cf8b0e1f7,
        type: 3}
      propertyPath: m_AnchorMin.y
      value: 0.7788519
      objectReference: {fileID: 0}
    - target: {fileID: 1710073653499434835, guid: bb7e5ffd8deab994cbd8766cf8b0e1f7,
        type: 3}
      propertyPath: m_AnchorMax.x
      value: 0.64915013
      objectReference: {fileID: 0}
    - target: {fileID: 1710073653499434835, guid: bb7e5ffd8deab994cbd8766cf8b0e1f7,
        type: 3}
      propertyPath: m_AnchoredPosition.y
      value: 13.5
      objectReference: {fileID: 0}
    - target: {fileID: 1710073653499434835, guid: bb7e5ffd8deab994cbd8766cf8b0e1f7,
        type: 3}
      propertyPath: m_SizeDelta.x
      value: -4.9000244
      objectReference: {fileID: 0}
    - target: {fileID: 1710073653499434835, guid: bb7e5ffd8deab994cbd8766cf8b0e1f7,
        type: 3}
      propertyPath: m_SizeDelta.y
      value: 39.299988
      objectReference: {fileID: 0}
    - target: {fileID: 1710073653499434835, guid: bb7e5ffd8deab994cbd8766cf8b0e1f7,
        type: 3}
      propertyPath: m_AnchoredPosition.x
      value: 1
      objectReference: {fileID: 0}
    - target: {fileID: 1710073653556908864, guid: bb7e5ffd8deab994cbd8766cf8b0e1f7,
        type: 3}
      propertyPath: m_AnchoredPosition.y
      value: 2
      objectReference: {fileID: 0}
    - target: {fileID: 1710073653556908864, guid: bb7e5ffd8deab994cbd8766cf8b0e1f7,
        type: 3}
      propertyPath: m_AnchoredPosition.x
      value: 4.500061
      objectReference: {fileID: 0}
    - target: {fileID: 1710073653556908864, guid: bb7e5ffd8deab994cbd8766cf8b0e1f7,
        type: 3}
      propertyPath: m_AnchorMax.x
      value: 0.45885417
      objectReference: {fileID: 0}
    - target: {fileID: 1710073653556908864, guid: bb7e5ffd8deab994cbd8766cf8b0e1f7,
        type: 3}
      propertyPath: m_SizeDelta.x
      value: -1.6999512
      objectReference: {fileID: 0}
    - target: {fileID: 1710073653556908864, guid: bb7e5ffd8deab994cbd8766cf8b0e1f7,
        type: 3}
      propertyPath: m_AnchorMin.y
      value: 0.21400002
      objectReference: {fileID: 0}
    - target: {fileID: 1710073653556908864, guid: bb7e5ffd8deab994cbd8766cf8b0e1f7,
        type: 3}
      propertyPath: m_SizeDelta.y
      value: 4.700012
      objectReference: {fileID: 0}
    - target: {fileID: 1710073653556908864, guid: bb7e5ffd8deab994cbd8766cf8b0e1f7,
        type: 3}
      propertyPath: m_AnchorMax.y
      value: 0.2954445
      objectReference: {fileID: 0}
    - target: {fileID: 1710073653556908864, guid: bb7e5ffd8deab994cbd8766cf8b0e1f7,
        type: 3}
      propertyPath: m_AnchorMin.x
      value: 0.053229168
      objectReference: {fileID: 0}
    m_RemovedComponents: []
  m_SourcePrefab: {fileID: 100100000, guid: bb7e5ffd8deab994cbd8766cf8b0e1f7, type: 3}
--- !u!114 &1843743907889309595 stripped
MonoBehaviour:
  m_CorrespondingSourceObject: {fileID: 1710073653556908867, guid: bb7e5ffd8deab994cbd8766cf8b0e1f7,
    type: 3}
  m_PrefabInstance: {fileID: 1021522983384773848}
  m_PrefabAsset: {fileID: 0}
  m_GameObject: {fileID: 0}
  m_Enabled: 1
  m_EditorHideFlags: 0
  m_Script: {fileID: 11500000, guid: 5f7201a12d95ffc409449d95f23cf332, type: 3}
  m_Name: 
  m_EditorClassIdentifier: 
--- !u!224 &1843743908006408704 stripped
RectTransform:
  m_CorrespondingSourceObject: {fileID: 1710073653473363672, guid: bb7e5ffd8deab994cbd8766cf8b0e1f7,
    type: 3}
  m_PrefabInstance: {fileID: 1021522983384773848}
  m_PrefabAsset: {fileID: 0}
--- !u!114 &1843743908320269326 stripped
MonoBehaviour:
  m_CorrespondingSourceObject: {fileID: 1710073652998021334, guid: bb7e5ffd8deab994cbd8766cf8b0e1f7,
    type: 3}
  m_PrefabInstance: {fileID: 1021522983384773848}
  m_PrefabAsset: {fileID: 0}
  m_GameObject: {fileID: 0}
  m_Enabled: 1
  m_EditorHideFlags: 0
  m_Script: {fileID: 11500000, guid: 5f7201a12d95ffc409449d95f23cf332, type: 3}
  m_Name: 
  m_EditorClassIdentifier: 
--- !u!224 &1843743908174263143 stripped
RectTransform:
  m_CorrespondingSourceObject: {fileID: 1710073653306034111, guid: bb7e5ffd8deab994cbd8766cf8b0e1f7,
    type: 3}
  m_PrefabInstance: {fileID: 1021522983384773848}
  m_PrefabAsset: {fileID: 0}
--- !u!114 &1843743907310982317 stripped
MonoBehaviour:
  m_CorrespondingSourceObject: {fileID: 1710073651988275317, guid: bb7e5ffd8deab994cbd8766cf8b0e1f7,
    type: 3}
  m_PrefabInstance: {fileID: 1021522983384773848}
  m_PrefabAsset: {fileID: 0}
  m_GameObject: {fileID: 0}
  m_Enabled: 1
  m_EditorHideFlags: 0
  m_Script: {fileID: 11500000, guid: 5f7201a12d95ffc409449d95f23cf332, type: 3}
  m_Name: 
  m_EditorClassIdentifier: 
--- !u!114 &1843743907529519935 stripped
MonoBehaviour:
  m_CorrespondingSourceObject: {fileID: 1710073651671173095, guid: bb7e5ffd8deab994cbd8766cf8b0e1f7,
    type: 3}
  m_PrefabInstance: {fileID: 1021522983384773848}
  m_PrefabAsset: {fileID: 0}
  m_GameObject: {fileID: 0}
  m_Enabled: 1
  m_EditorHideFlags: 0
  m_Script: {fileID: 11500000, guid: 5f7201a12d95ffc409449d95f23cf332, type: 3}
  m_Name: 
  m_EditorClassIdentifier: 
--- !u!1 &1843743907133516080 stripped
GameObject:
  m_CorrespondingSourceObject: {fileID: 1710073652079238632, guid: bb7e5ffd8deab994cbd8766cf8b0e1f7,
    type: 3}
  m_PrefabInstance: {fileID: 1021522983384773848}
  m_PrefabAsset: {fileID: 0}
--- !u!1 &1843743907963973124 stripped
GameObject:
  m_CorrespondingSourceObject: {fileID: 1710073653362711260, guid: bb7e5ffd8deab994cbd8766cf8b0e1f7,
    type: 3}
  m_PrefabInstance: {fileID: 1021522983384773848}
  m_PrefabAsset: {fileID: 0}
--- !u!224 &1843743907963973127 stripped
RectTransform:
  m_CorrespondingSourceObject: {fileID: 1710073653362711263, guid: bb7e5ffd8deab994cbd8766cf8b0e1f7,
    type: 3}
  m_PrefabInstance: {fileID: 1021522983384773848}
  m_PrefabAsset: {fileID: 0}
--- !u!114 &1843743906667373179 stripped
MonoBehaviour:
  m_CorrespondingSourceObject: {fileID: 1710073652671207075, guid: bb7e5ffd8deab994cbd8766cf8b0e1f7,
    type: 3}
  m_PrefabInstance: {fileID: 1021522983384773848}
  m_PrefabAsset: {fileID: 0}
  m_GameObject: {fileID: 0}
  m_Enabled: 1
  m_EditorHideFlags: 0
  m_Script: {fileID: 11500000, guid: 5f7201a12d95ffc409449d95f23cf332, type: 3}
  m_Name: 
  m_EditorClassIdentifier: 
--- !u!224 &1843743907584805327 stripped
RectTransform:
  m_CorrespondingSourceObject: {fileID: 1710073651726515479, guid: bb7e5ffd8deab994cbd8766cf8b0e1f7,
    type: 3}
  m_PrefabInstance: {fileID: 1021522983384773848}
  m_PrefabAsset: {fileID: 0}
--- !u!1001 &1764580940585914227
PrefabInstance:
  m_ObjectHideFlags: 0
  serializedVersion: 2
  m_Modification:
    m_TransformParent: {fileID: 1179298377334913937}
    m_Modifications:
    - target: {fileID: 138281542535944076, guid: 8f0b397400128444eaae346f9479bf91,
        type: 3}
      propertyPath: m_LocalPosition.x
      value: 0.98792565
      objectReference: {fileID: 0}
    - target: {fileID: 138281542535944076, guid: 8f0b397400128444eaae346f9479bf91,
        type: 3}
      propertyPath: m_LocalPosition.y
      value: 0.7828215
      objectReference: {fileID: 0}
    - target: {fileID: 138281542535944076, guid: 8f0b397400128444eaae346f9479bf91,
        type: 3}
      propertyPath: m_LocalPosition.z
      value: -0.1009046
      objectReference: {fileID: 0}
    - target: {fileID: 138281542535944076, guid: 8f0b397400128444eaae346f9479bf91,
        type: 3}
      propertyPath: m_LocalRotation.x
      value: -0
      objectReference: {fileID: 0}
    - target: {fileID: 138281542535944076, guid: 8f0b397400128444eaae346f9479bf91,
        type: 3}
      propertyPath: m_LocalRotation.y
      value: -0
      objectReference: {fileID: 0}
    - target: {fileID: 138281542535944076, guid: 8f0b397400128444eaae346f9479bf91,
        type: 3}
      propertyPath: m_LocalRotation.z
      value: -0
      objectReference: {fileID: 0}
    - target: {fileID: 138281542535944076, guid: 8f0b397400128444eaae346f9479bf91,
        type: 3}
      propertyPath: m_LocalRotation.w
      value: 1
      objectReference: {fileID: 0}
    - target: {fileID: 138281542535944076, guid: 8f0b397400128444eaae346f9479bf91,
        type: 3}
      propertyPath: m_RootOrder
      value: 0
      objectReference: {fileID: 0}
    - target: {fileID: 138281542535944076, guid: 8f0b397400128444eaae346f9479bf91,
        type: 3}
      propertyPath: m_LocalEulerAnglesHint.x
      value: 0
      objectReference: {fileID: 0}
    - target: {fileID: 138281542535944076, guid: 8f0b397400128444eaae346f9479bf91,
        type: 3}
      propertyPath: m_LocalEulerAnglesHint.y
      value: 0
      objectReference: {fileID: 0}
    - target: {fileID: 138281542535944076, guid: 8f0b397400128444eaae346f9479bf91,
        type: 3}
      propertyPath: m_LocalEulerAnglesHint.z
      value: 0
      objectReference: {fileID: 0}
    - target: {fileID: 138281542535944078, guid: 8f0b397400128444eaae346f9479bf91,
        type: 3}
      propertyPath: m_Name
      value: GameController
      objectReference: {fileID: 0}
    - target: {fileID: 138281542535944078, guid: 8f0b397400128444eaae346f9479bf91,
        type: 3}
      propertyPath: m_TagString
      value: GameController
      objectReference: {fileID: 0}
    - target: {fileID: 138281542535944079, guid: 8f0b397400128444eaae346f9479bf91,
        type: 3}
      propertyPath: matchTimerText
      value: 
      objectReference: {fileID: 1843743907529519935}
    - target: {fileID: 138281542535944079, guid: 8f0b397400128444eaae346f9479bf91,
        type: 3}
      propertyPath: playerScoreText
      value: 
      objectReference: {fileID: 1843743907310982317}
    - target: {fileID: 138281542535944079, guid: 8f0b397400128444eaae346f9479bf91,
        type: 3}
      propertyPath: kekScoreText
      value: 
      objectReference: {fileID: 1843743908320269326}
    - target: {fileID: 138281542535944079, guid: 8f0b397400128444eaae346f9479bf91,
        type: 3}
      propertyPath: player1
      value: 
      objectReference: {fileID: 988684977968688608}
    - target: {fileID: 138281542535944079, guid: 8f0b397400128444eaae346f9479bf91,
        type: 3}
      propertyPath: player2
      value: 
      objectReference: {fileID: 988684978486637084}
    - target: {fileID: 138281542535944079, guid: 8f0b397400128444eaae346f9479bf91,
        type: 3}
      propertyPath: player3
      value: 
      objectReference: {fileID: 6223190573141483600}
    - target: {fileID: 138281542535944079, guid: 8f0b397400128444eaae346f9479bf91,
        type: 3}
      propertyPath: pausePanel
      value: 
      objectReference: {fileID: 1843743907133516080}
    - target: {fileID: 138281542535944079, guid: 8f0b397400128444eaae346f9479bf91,
        type: 3}
      propertyPath: endGamePanel
      value: 
      objectReference: {fileID: 1843743907963973124}
    - target: {fileID: 138281542535944079, guid: 8f0b397400128444eaae346f9479bf91,
        type: 3}
      propertyPath: winText
      value: 
      objectReference: {fileID: 1843743906667373179}
    - target: {fileID: 138281542535944079, guid: 8f0b397400128444eaae346f9479bf91,
        type: 3}
      propertyPath: winPoints
      value: 
      objectReference: {fileID: 1843743907889309595}
    - target: {fileID: 138281542535944079, guid: 8f0b397400128444eaae346f9479bf91,
        type: 3}
      propertyPath: readyScreen
      value: 
      objectReference: {fileID: 7607858562512941880}
    - target: {fileID: 138281542535944079, guid: 8f0b397400128444eaae346f9479bf91,
        type: 3}
      propertyPath: endGameFace
      value: 
      objectReference: {fileID: 3128752624577983796}
    - target: {fileID: 138281542535944079, guid: 8f0b397400128444eaae346f9479bf91,
        type: 3}
      propertyPath: endGameFace2
      value: 
      objectReference: {fileID: 1997445216408495381}
    - target: {fileID: 138281542535944079, guid: 8f0b397400128444eaae346f9479bf91,
        type: 3}
      propertyPath: kekFace
      value: 
      objectReference: {fileID: 21300002, guid: 28ae1969d364a5a49ad978dfeca3a03f,
        type: 3}
    - target: {fileID: 138281542535944079, guid: 8f0b397400128444eaae346f9479bf91,
        type: 3}
      propertyPath: manFace
      value: 
      objectReference: {fileID: 21300004, guid: 28ae1969d364a5a49ad978dfeca3a03f,
        type: 3}
    - target: {fileID: 138281542535944079, guid: 8f0b397400128444eaae346f9479bf91,
        type: 3}
      propertyPath: womanFace
      value: 
      objectReference: {fileID: 21300006, guid: 28ae1969d364a5a49ad978dfeca3a03f,
        type: 3}
    m_RemovedComponents: []
  m_SourcePrefab: {fileID: 100100000, guid: 8f0b397400128444eaae346f9479bf91, type: 3}
--- !u!114 &1843743907122600188 stripped
MonoBehaviour:
  m_CorrespondingSourceObject: {fileID: 138281542535944079, guid: 8f0b397400128444eaae346f9479bf91,
    type: 3}
  m_PrefabInstance: {fileID: 1764580940585914227}
  m_PrefabAsset: {fileID: 0}
  m_GameObject: {fileID: 0}
  m_Enabled: 1
  m_EditorHideFlags: 0
  m_Script: {fileID: 11500000, guid: 2a37823c38bb18545924454c0fff6042, type: 3}
  m_Name: 
  m_EditorClassIdentifier: 
--- !u!4 &1843743907122600191 stripped
Transform:
  m_CorrespondingSourceObject: {fileID: 138281542535944076, guid: 8f0b397400128444eaae346f9479bf91,
    type: 3}
  m_PrefabInstance: {fileID: 1764580940585914227}
  m_PrefabAsset: {fileID: 0}
--- !u!1001 &1843743907821875972
PrefabInstance:
  m_ObjectHideFlags: 0
  serializedVersion: 2
  m_Modification:
    m_TransformParent: {fileID: 1179298377334913937}
    m_Modifications:
    - target: {fileID: 1454320658511421156, guid: 9ef5d26637ce757499ed0a46a02550fb,
        type: 3}
      propertyPath: moveSpeed
      value: 225
      objectReference: {fileID: 0}
    - target: {fileID: 1590586920714548863, guid: 9ef5d26637ce757499ed0a46a02550fb,
        type: 3}
      propertyPath: m_Name
      value: Catcher
      objectReference: {fileID: 0}
    - target: {fileID: 1590586920714548863, guid: 9ef5d26637ce757499ed0a46a02550fb,
        type: 3}
      propertyPath: m_TagString
      value: Player1
      objectReference: {fileID: 0}
    - target: {fileID: 1892772032096099861, guid: 9ef5d26637ce757499ed0a46a02550fb,
        type: 3}
      propertyPath: dogTreta
      value: 
      objectReference: {fileID: 8300000, guid: 6e516e161684c894baac29a6097ab38e, type: 3}
    - target: {fileID: 1892772032096099861, guid: 9ef5d26637ce757499ed0a46a02550fb,
        type: 3}
      propertyPath: slipperyShit
      value: 
      objectReference: {fileID: 8300000, guid: 7e8e6dd9b8daa5a4a9350d1116290f23, type: 3}
    - target: {fileID: 1892772032096099861, guid: 9ef5d26637ce757499ed0a46a02550fb,
        type: 3}
      propertyPath: sweppingBostas
      value: 
      objectReference: {fileID: 8300000, guid: 4ea8fdad1114e834681d294ba2973f4d, type: 3}
    - target: {fileID: 1892772032096099861, guid: 9ef5d26637ce757499ed0a46a02550fb,
        type: 3}
      propertyPath: stepCooldown
      value: 150
      objectReference: {fileID: 0}
    - target: {fileID: 5197418941111236793, guid: 9ef5d26637ce757499ed0a46a02550fb,
        type: 3}
      propertyPath: m_LocalPosition.x
      value: -0.8675433
      objectReference: {fileID: 0}
    - target: {fileID: 5197418941111236793, guid: 9ef5d26637ce757499ed0a46a02550fb,
        type: 3}
      propertyPath: m_LocalPosition.y
      value: -1.8732305
      objectReference: {fileID: 0}
    - target: {fileID: 5197418941111236793, guid: 9ef5d26637ce757499ed0a46a02550fb,
        type: 3}
      propertyPath: m_LocalPosition.z
      value: 0.01217443
      objectReference: {fileID: 0}
    - target: {fileID: 5197418941111236793, guid: 9ef5d26637ce757499ed0a46a02550fb,
        type: 3}
      propertyPath: m_LocalRotation.x
      value: -0
      objectReference: {fileID: 0}
    - target: {fileID: 5197418941111236793, guid: 9ef5d26637ce757499ed0a46a02550fb,
        type: 3}
      propertyPath: m_LocalRotation.y
      value: -0
      objectReference: {fileID: 0}
    - target: {fileID: 5197418941111236793, guid: 9ef5d26637ce757499ed0a46a02550fb,
        type: 3}
      propertyPath: m_LocalRotation.z
      value: -0
      objectReference: {fileID: 0}
    - target: {fileID: 5197418941111236793, guid: 9ef5d26637ce757499ed0a46a02550fb,
        type: 3}
      propertyPath: m_LocalRotation.w
      value: 1
      objectReference: {fileID: 0}
    - target: {fileID: 5197418941111236793, guid: 9ef5d26637ce757499ed0a46a02550fb,
        type: 3}
      propertyPath: m_RootOrder
      value: 2
      objectReference: {fileID: 0}
    - target: {fileID: 5197418941111236793, guid: 9ef5d26637ce757499ed0a46a02550fb,
        type: 3}
      propertyPath: m_LocalEulerAnglesHint.x
      value: 0
      objectReference: {fileID: 0}
    - target: {fileID: 5197418941111236793, guid: 9ef5d26637ce757499ed0a46a02550fb,
        type: 3}
      propertyPath: m_LocalEulerAnglesHint.y
      value: 0
      objectReference: {fileID: 0}
    - target: {fileID: 5197418941111236793, guid: 9ef5d26637ce757499ed0a46a02550fb,
        type: 3}
      propertyPath: m_LocalEulerAnglesHint.z
      value: 0
      objectReference: {fileID: 0}
    - target: {fileID: 7365684847834046048, guid: 9ef5d26637ce757499ed0a46a02550fb,
        type: 3}
      propertyPath: m_Sprite
      value: 
      objectReference: {fileID: 21300008, guid: 2f5e65717a871bb4fa71501300a566b7,
        type: 3}
    - target: {fileID: 7365684847834046048, guid: 9ef5d26637ce757499ed0a46a02550fb,
        type: 3}
      propertyPath: m_Color.r
      value: 1
      objectReference: {fileID: 0}
    - target: {fileID: 7365684847834046048, guid: 9ef5d26637ce757499ed0a46a02550fb,
        type: 3}
      propertyPath: m_Color.g
      value: 1
      objectReference: {fileID: 0}
    - target: {fileID: 7365684847834046048, guid: 9ef5d26637ce757499ed0a46a02550fb,
        type: 3}
      propertyPath: m_Color.b
      value: 1
      objectReference: {fileID: 0}
    - target: {fileID: 8416201171718713290, guid: 9ef5d26637ce757499ed0a46a02550fb,
        type: 3}
      propertyPath: m_SpriteTilingProperty.oldSize.x
      value: 0.73
      objectReference: {fileID: 0}
    - target: {fileID: 8416201171718713290, guid: 9ef5d26637ce757499ed0a46a02550fb,
        type: 3}
      propertyPath: m_SpriteTilingProperty.oldSize.y
      value: 0.97
      objectReference: {fileID: 0}
    m_RemovedComponents: []
  m_SourcePrefab: {fileID: 100100000, guid: 9ef5d26637ce757499ed0a46a02550fb, type: 3}
--- !u!114 &988684977968688608 stripped
MonoBehaviour:
  m_CorrespondingSourceObject: {fileID: 1454320658511421156, guid: 9ef5d26637ce757499ed0a46a02550fb,
    type: 3}
  m_PrefabInstance: {fileID: 1843743907821875972}
  m_PrefabAsset: {fileID: 0}
  m_GameObject: {fileID: 1118209030289999227}
  m_Enabled: 1
  m_EditorHideFlags: 0
  m_Script: {fileID: 11500000, guid: ca6b35bc18fd255468feaceb54eb039a, type: 3}
  m_Name: 
  m_EditorClassIdentifier: 
--- !u!4 &5888099917478562749 stripped
Transform:
  m_CorrespondingSourceObject: {fileID: 5197418941111236793, guid: 9ef5d26637ce757499ed0a46a02550fb,
    type: 3}
  m_PrefabInstance: {fileID: 1843743907821875972}
  m_PrefabAsset: {fileID: 0}
--- !u!1 &1118209030289999227 stripped
GameObject:
  m_CorrespondingSourceObject: {fileID: 1590586920714548863, guid: 9ef5d26637ce757499ed0a46a02550fb,
    type: 3}
  m_PrefabInstance: {fileID: 1843743907821875972}
  m_PrefabAsset: {fileID: 0}
--- !u!1001 &1843743908339657976
PrefabInstance:
  m_ObjectHideFlags: 0
  serializedVersion: 2
  m_Modification:
    m_TransformParent: {fileID: 1179298377334913937}
    m_Modifications:
    - target: {fileID: 1454320658511421156, guid: 9ef5d26637ce757499ed0a46a02550fb,
        type: 3}
      propertyPath: playerType
      value: 1
      objectReference: {fileID: 0}
    - target: {fileID: 1590586920714548863, guid: 9ef5d26637ce757499ed0a46a02550fb,
        type: 3}
      propertyPath: m_Name
      value: Clean
      objectReference: {fileID: 0}
    - target: {fileID: 1590586920714548863, guid: 9ef5d26637ce757499ed0a46a02550fb,
        type: 3}
      propertyPath: m_TagString
      value: Player2
      objectReference: {fileID: 0}
    - target: {fileID: 1892772032096099861, guid: 9ef5d26637ce757499ed0a46a02550fb,
        type: 3}
      propertyPath: dogTreta
      value: 
      objectReference: {fileID: 8300000, guid: 6e516e161684c894baac29a6097ab38e, type: 3}
    - target: {fileID: 1892772032096099861, guid: 9ef5d26637ce757499ed0a46a02550fb,
        type: 3}
      propertyPath: slipperyShit
      value: 
      objectReference: {fileID: 8300000, guid: 7e8e6dd9b8daa5a4a9350d1116290f23, type: 3}
    - target: {fileID: 1892772032096099861, guid: 9ef5d26637ce757499ed0a46a02550fb,
        type: 3}
      propertyPath: sweppingBostas
      value: 
      objectReference: {fileID: 8300000, guid: 4ea8fdad1114e834681d294ba2973f4d, type: 3}
    - target: {fileID: 1892772032096099861, guid: 9ef5d26637ce757499ed0a46a02550fb,
        type: 3}
      propertyPath: stepCooldown
      value: 140
      objectReference: {fileID: 0}
    - target: {fileID: 5197418941111236793, guid: 9ef5d26637ce757499ed0a46a02550fb,
        type: 3}
      propertyPath: m_LocalPosition.x
      value: 2.6644402
      objectReference: {fileID: 0}
    - target: {fileID: 5197418941111236793, guid: 9ef5d26637ce757499ed0a46a02550fb,
        type: 3}
      propertyPath: m_LocalPosition.y
      value: -2.0145094
      objectReference: {fileID: 0}
    - target: {fileID: 5197418941111236793, guid: 9ef5d26637ce757499ed0a46a02550fb,
        type: 3}
      propertyPath: m_LocalPosition.z
      value: 0.01217443
      objectReference: {fileID: 0}
    - target: {fileID: 5197418941111236793, guid: 9ef5d26637ce757499ed0a46a02550fb,
        type: 3}
      propertyPath: m_LocalRotation.x
      value: -0
      objectReference: {fileID: 0}
    - target: {fileID: 5197418941111236793, guid: 9ef5d26637ce757499ed0a46a02550fb,
        type: 3}
      propertyPath: m_LocalRotation.y
      value: -0
      objectReference: {fileID: 0}
    - target: {fileID: 5197418941111236793, guid: 9ef5d26637ce757499ed0a46a02550fb,
        type: 3}
      propertyPath: m_LocalRotation.z
      value: -0
      objectReference: {fileID: 0}
    - target: {fileID: 5197418941111236793, guid: 9ef5d26637ce757499ed0a46a02550fb,
        type: 3}
      propertyPath: m_LocalRotation.w
      value: 1
      objectReference: {fileID: 0}
    - target: {fileID: 5197418941111236793, guid: 9ef5d26637ce757499ed0a46a02550fb,
        type: 3}
      propertyPath: m_RootOrder
      value: 3
      objectReference: {fileID: 0}
    - target: {fileID: 5197418941111236793, guid: 9ef5d26637ce757499ed0a46a02550fb,
        type: 3}
      propertyPath: m_LocalEulerAnglesHint.x
      value: 0
      objectReference: {fileID: 0}
    - target: {fileID: 5197418941111236793, guid: 9ef5d26637ce757499ed0a46a02550fb,
        type: 3}
      propertyPath: m_LocalEulerAnglesHint.y
      value: 0
      objectReference: {fileID: 0}
    - target: {fileID: 5197418941111236793, guid: 9ef5d26637ce757499ed0a46a02550fb,
        type: 3}
      propertyPath: m_LocalEulerAnglesHint.z
      value: 0
      objectReference: {fileID: 0}
    - target: {fileID: 7365684847834046048, guid: 9ef5d26637ce757499ed0a46a02550fb,
        type: 3}
      propertyPath: m_Color.r
      value: 1
      objectReference: {fileID: 0}
    - target: {fileID: 7365684847834046048, guid: 9ef5d26637ce757499ed0a46a02550fb,
        type: 3}
      propertyPath: m_Color.g
      value: 1
      objectReference: {fileID: 0}
    - target: {fileID: 7365684847834046048, guid: 9ef5d26637ce757499ed0a46a02550fb,
        type: 3}
      propertyPath: m_Color.b
      value: 1
      objectReference: {fileID: 0}
    - target: {fileID: 7365684847834046048, guid: 9ef5d26637ce757499ed0a46a02550fb,
        type: 3}
      propertyPath: m_Sprite
      value: 
      objectReference: {fileID: 21300000, guid: 482368deed6eae14fb149d54f8432787,
        type: 3}
    - target: {fileID: 8416201171718713290, guid: 9ef5d26637ce757499ed0a46a02550fb,
        type: 3}
      propertyPath: m_SpriteTilingProperty.oldSize.x
      value: 0.97
      objectReference: {fileID: 0}
    - target: {fileID: 8416201171718713290, guid: 9ef5d26637ce757499ed0a46a02550fb,
        type: 3}
      propertyPath: m_SpriteTilingProperty.oldSize.y
      value: 1.4
      objectReference: {fileID: 0}
    m_RemovedComponents: []
  m_SourcePrefab: {fileID: 100100000, guid: 9ef5d26637ce757499ed0a46a02550fb, type: 3}
--- !u!114 &988684978486637084 stripped
MonoBehaviour:
  m_CorrespondingSourceObject: {fileID: 1454320658511421156, guid: 9ef5d26637ce757499ed0a46a02550fb,
    type: 3}
  m_PrefabInstance: {fileID: 1843743908339657976}
  m_PrefabAsset: {fileID: 0}
  m_GameObject: {fileID: 1118209030791273095}
  m_Enabled: 1
  m_EditorHideFlags: 0
  m_Script: {fileID: 11500000, guid: ca6b35bc18fd255468feaceb54eb039a, type: 3}
  m_Name: 
  m_EditorClassIdentifier: 
--- !u!4 &5888099916897735745 stripped
Transform:
  m_CorrespondingSourceObject: {fileID: 5197418941111236793, guid: 9ef5d26637ce757499ed0a46a02550fb,
    type: 3}
  m_PrefabInstance: {fileID: 1843743908339657976}
  m_PrefabAsset: {fileID: 0}
--- !u!1 &1118209030791273095 stripped
GameObject:
  m_CorrespondingSourceObject: {fileID: 1590586920714548863, guid: 9ef5d26637ce757499ed0a46a02550fb,
    type: 3}
  m_PrefabInstance: {fileID: 1843743908339657976}
  m_PrefabAsset: {fileID: 0}
--- !u!1001 &1843743908522320752
PrefabInstance:
  m_ObjectHideFlags: 0
  serializedVersion: 2
  m_Modification:
    m_TransformParent: {fileID: 1179298377334913937}
    m_Modifications:
    - target: {fileID: 1424621376943990141, guid: 218b473f2d4427843b3e162e293da3d5,
        type: 3}
      propertyPath: m_LocalPosition.x
      value: 0.7336233
      objectReference: {fileID: 0}
    - target: {fileID: 1424621376943990141, guid: 218b473f2d4427843b3e162e293da3d5,
        type: 3}
      propertyPath: m_LocalPosition.y
      value: 0.7639842
      objectReference: {fileID: 0}
    - target: {fileID: 1424621376943990141, guid: 218b473f2d4427843b3e162e293da3d5,
        type: 3}
      propertyPath: m_LocalPosition.z
      value: 0.01217443
      objectReference: {fileID: 0}
    - target: {fileID: 1424621376943990141, guid: 218b473f2d4427843b3e162e293da3d5,
        type: 3}
      propertyPath: m_LocalRotation.x
      value: -0
      objectReference: {fileID: 0}
    - target: {fileID: 1424621376943990141, guid: 218b473f2d4427843b3e162e293da3d5,
        type: 3}
      propertyPath: m_LocalRotation.y
      value: -0
      objectReference: {fileID: 0}
    - target: {fileID: 1424621376943990141, guid: 218b473f2d4427843b3e162e293da3d5,
        type: 3}
      propertyPath: m_LocalRotation.z
      value: -0
      objectReference: {fileID: 0}
    - target: {fileID: 1424621376943990141, guid: 218b473f2d4427843b3e162e293da3d5,
        type: 3}
      propertyPath: m_LocalRotation.w
      value: 1
      objectReference: {fileID: 0}
    - target: {fileID: 1424621376943990141, guid: 218b473f2d4427843b3e162e293da3d5,
        type: 3}
      propertyPath: m_RootOrder
      value: 4
      objectReference: {fileID: 0}
    - target: {fileID: 1424621376943990141, guid: 218b473f2d4427843b3e162e293da3d5,
        type: 3}
      propertyPath: m_LocalEulerAnglesHint.x
      value: 0
      objectReference: {fileID: 0}
    - target: {fileID: 1424621376943990141, guid: 218b473f2d4427843b3e162e293da3d5,
        type: 3}
      propertyPath: m_LocalEulerAnglesHint.y
      value: 0
      objectReference: {fileID: 0}
    - target: {fileID: 1424621376943990141, guid: 218b473f2d4427843b3e162e293da3d5,
        type: 3}
      propertyPath: m_LocalEulerAnglesHint.z
      value: 0
      objectReference: {fileID: 0}
    - target: {fileID: 5618050344403364795, guid: 218b473f2d4427843b3e162e293da3d5,
        type: 3}
      propertyPath: m_Name
      value: DamnDog
      objectReference: {fileID: 0}
    m_RemovedComponents: []
  m_SourcePrefab: {fileID: 100100000, guid: 218b473f2d4427843b3e162e293da3d5, type: 3}
--- !u!114 &6223190573141483600 stripped
MonoBehaviour:
  m_CorrespondingSourceObject: {fileID: 5749827382234776352, guid: 218b473f2d4427843b3e162e293da3d5,
    type: 3}
  m_PrefabInstance: {fileID: 1843743908522320752}
  m_PrefabAsset: {fileID: 0}
  m_GameObject: {fileID: 0}
  m_Enabled: 1
  m_EditorHideFlags: 0
  m_Script: {fileID: 11500000, guid: ca6b35bc18fd255468feaceb54eb039a, type: 3}
  m_Name: 
  m_EditorClassIdentifier: 
--- !u!4 &743954619300824589 stripped
Transform:
  m_CorrespondingSourceObject: {fileID: 1424621376943990141, guid: 218b473f2d4427843b3e162e293da3d5,
    type: 3}
  m_PrefabInstance: {fileID: 1843743908522320752}
  m_PrefabAsset: {fileID: 0}
--- !u!1001 &6298669418996507317
PrefabInstance:
  m_ObjectHideFlags: 0
  serializedVersion: 2
  m_Modification:
    m_TransformParent: {fileID: 1179298377334913937}
    m_Modifications:
    - target: {fileID: 5692291707503426897, guid: 92becb159e1abd6418d643d8e7c442f5,
        type: 3}
      propertyPath: m_Name
      value: Main Camera
      objectReference: {fileID: 0}
    - target: {fileID: 5692291707503426908, guid: 92becb159e1abd6418d643d8e7c442f5,
        type: 3}
      propertyPath: m_LocalPosition.x
      value: 0.7450492
      objectReference: {fileID: 0}
    - target: {fileID: 5692291707503426908, guid: 92becb159e1abd6418d643d8e7c442f5,
        type: 3}
      propertyPath: m_LocalPosition.y
      value: 0.11870545
      objectReference: {fileID: 0}
    - target: {fileID: 5692291707503426908, guid: 92becb159e1abd6418d643d8e7c442f5,
        type: 3}
      propertyPath: m_LocalPosition.z
      value: -9.987825
      objectReference: {fileID: 0}
    - target: {fileID: 5692291707503426908, guid: 92becb159e1abd6418d643d8e7c442f5,
        type: 3}
      propertyPath: m_LocalRotation.x
      value: -0
      objectReference: {fileID: 0}
    - target: {fileID: 5692291707503426908, guid: 92becb159e1abd6418d643d8e7c442f5,
        type: 3}
      propertyPath: m_LocalRotation.y
      value: -0
      objectReference: {fileID: 0}
    - target: {fileID: 5692291707503426908, guid: 92becb159e1abd6418d643d8e7c442f5,
        type: 3}
      propertyPath: m_LocalRotation.z
      value: -0
      objectReference: {fileID: 0}
    - target: {fileID: 5692291707503426908, guid: 92becb159e1abd6418d643d8e7c442f5,
        type: 3}
      propertyPath: m_LocalRotation.w
      value: 1
      objectReference: {fileID: 0}
    - target: {fileID: 5692291707503426908, guid: 92becb159e1abd6418d643d8e7c442f5,
        type: 3}
      propertyPath: m_RootOrder
      value: 1
      objectReference: {fileID: 0}
    - target: {fileID: 5692291707503426908, guid: 92becb159e1abd6418d643d8e7c442f5,
        type: 3}
      propertyPath: m_LocalEulerAnglesHint.x
      value: 0
      objectReference: {fileID: 0}
    - target: {fileID: 5692291707503426908, guid: 92becb159e1abd6418d643d8e7c442f5,
        type: 3}
      propertyPath: m_LocalEulerAnglesHint.y
      value: 0
      objectReference: {fileID: 0}
    - target: {fileID: 5692291707503426908, guid: 92becb159e1abd6418d643d8e7c442f5,
        type: 3}
      propertyPath: m_LocalEulerAnglesHint.z
      value: 0
      objectReference: {fileID: 0}
    m_RemovedComponents: []
  m_SourcePrefab: {fileID: 100100000, guid: 92becb159e1abd6418d643d8e7c442f5, type: 3}
--- !u!20 &1843743908237123558 stripped
Camera:
  m_CorrespondingSourceObject: {fileID: 5692291707503426899, guid: 92becb159e1abd6418d643d8e7c442f5,
    type: 3}
  m_PrefabInstance: {fileID: 6298669418996507317}
  m_PrefabAsset: {fileID: 0}
--- !u!4 &1843743908237123561 stripped
Transform:
  m_CorrespondingSourceObject: {fileID: 5692291707503426908, guid: 92becb159e1abd6418d643d8e7c442f5,
    type: 3}
  m_PrefabInstance: {fileID: 6298669418996507317}
  m_PrefabAsset: {fileID: 0}
